@article{hariyadi2020,
  author = {Hariyadi, I Putu and Marzuki, Khairan},
  month = {05},
  pages = {347-357},
  title = {Implementation of Configuration Management Virtual Private Server Using Ansible},
  doi = {10.30812/matrik.v19i2.724},
  urldate = {2024-03-25},
  volume = {19},
  year = {2020},
  journal = {MATRIK : Jurnal Manajemen, Teknik Informatika dan Rekayasa Komputer}
}

@article{kumpulainen_2019_nixos,
  author = {Kumpulainen, Kalle},
  title = {NixOS: Järjestelmäkonfiguraation Hallintaan Erikoistunut Linux-jakelu},
  url = {https://urn.fi/URN:NBN:fi:tty-201905311795},
  urldate = {2024-03-17},
  year = {2019},
  journal = {trepo.tuni.fi}
}

@phdthesis{thufail23,
  author = {Thufail Qolba, Aufar},
  month = {07},
  pages = {66},
  title = {Configuration Management dengan Ansible dan Telegram untuk Automasi Laboratorium Komputer di JTIK},
  url = {https://repository.pnj.ac.id/id/eprint/12406/1/Halaman%20Identitas%20Skripsi.pdf},
  urldate = {2024-03-17},
  year = {2023}
}

@article{alfiandi_2020_analisis,
  author = {Alfiandi, Tedi and Diansyah, T. M. and Liza, Risko},
  month = {09},
  pages = {78-84},
  title = {Analisis Perbandingan Manajemen Konfigurasi Menggunakan Ansible dan Shell Script Pada Cloud Server  Deployment AWS},
  doi = {10.35447/jitekh.v8i2.308},
  urldate = {2024-03-15},
  volume = {8},
  year = {2020},
  journal = {JiTEKH}
}

@article{pratama_2021_otomasi,
  author = {Pratama, Muh Akromi Arya and Hariyadi, I Putu},
  month = {07},
  pages = {82-95},
  title = {Otomasi Manajemen dan Pengawasan Linux Container (LCX) Pada Proxmox VE Menggunakan Ansible},
  doi = {10.30812/bite.v3i1.807},
  urldate = {2024-03-13},
  volume = {3},
  year = {2021},
  journal = {Jurnal Bumigora Information Technology (BITe)}
}

@misc{AnsibleRedHat,
  author = {Ansible},
  title = {Ansible is Simple IT Automation},
  url = {https://www.ansible.com/},
  urldate = {2024-03-12},
  year = {2016},
  organization = {Ansible.com}
}

@misc{hownixworks,
  author = {NixOS},
  title = {How Nix Works},
  url = {https://nixos.org/guides/how-nix-works/},
  urldate = {2023-12-20},
  year = {2023},
  organization = {nixos.org}
}

@misc{flakes,
  title = {Flakes - NixOS Wiki},
  url = {https://nixos.wiki/wiki/Flakes},
  urldate = {2024-01},
  organization = {nixos.wiki}
}

@misc{home,
  title = {Home Manager Manual},
  url = {https://nix-community.github.io/home-manager/},
  urldate = {2024-01},
  organization = {nix-community.github.io}
}
